
@article{zhang_bim-based_2015,
	title = {{BIM}-based fall hazard identification and prevention in construction safety planning},
	volume = {72},
	issn = {09257535},
	url = {https://linkinghub.elsevier.com/retrieve/pii/S0925753514001829},
	doi = {10.1016/j.ssci.2014.08.001},
	pages = {31--45},
	journaltitle = {Safety Science},
	shortjournal = {Safety Science},
	author = {Zhang, Sijie and Sulankivi, Kristiina and Kiviniemi, Markku and Romo, Ilkka and Eastman, Charles M. and Teizer, Jochen},
	urldate = {2020-03-21},
	date = {2015-02},
	langid = {english}
}

@article{__2015,
	title = {脚手架事故危险源辨识及预防},
	volume = {41},
	issn = {1009-6825},
	url = {https://kns.cnki.net/KCMS/detail/detail.aspx?dbcode=CJFQ&dbname=CJFDLAST2015&filename=JZSX201512134&uid=WEEvREcwSlJHSldRa1Fhb09pSnNvVXIwRmg1YklNeU44V2RYVnlDUzFYOD0=$9A4hF_YAuvQ5obgVAqNKPCYcEjKensW4ggI8Fm4gTkoUKaID8j8gFw!!&v=MDkzNzJyWTVHWUlSOGVYMUx1eFlTN0RoMVQzcVRyV00xRnJDVVI3cWZaT1J1Rnl2bVVyek1MemZZZHJHNEg5VE4=},
	abstract = {从预防的角度,针对目前脚手架工程问题,较为全面的归纳总结了脚手架事故的危险源,通过对脚手架各个阶段的风险评估及监控,并对脚手架安全技术分析进行了科学分析,从而有效避免脚手架伤亡事故的发生,提高脚手架安全、科学管控水平。},
	pages = {242--244},
	number = {12},
	journaltitle = {山西建筑},
	author = {刘, 群 and 贾, 莉 and 黄, 俊},
	urldate = {2020-03-21},
	date = {2015},
	keywords = {措施, 风险评估, 监控, 脚手架事故, 危险源, hazard resource, measure, risk evaluation, scaffold accident, supervision},
	file = {Full Text PDF:files/7/刘 等。 - 2015 - 脚手架事故危险源辨识及预防.pdf:application/pdf}
}

@online{noauthor_--201106_nodate,
	title = {事故树分析在排桩基坑工程安全评价中的应用研究--《岩土工程学报》2011年06期},
	url = {http://www.cnki.com.cn/Article/CJFDTotal-YTGC201106026.htm},
	urldate = {2020-03-26},
	file = {事故树分析在排桩基坑工程安全评价中的应用研究--《岩土工程学报》2011年06期:files/9/CJFDTotal-YTGC201106026.html:text/html}
}

@article{mcmahon_book_1999,
	title = {Book reviews - Carolyn Postgate, David Oates \& Joan Oates. The excavation at Tell al-Rimah; the pottery (Iraq Archaeological Reports 4). 1997. 275 pages, 101 plates. London: British School of Archaeology in Iraq; 0-85668-700-6 paperback £48},
	volume = {73},
	issn = {0003-598X, 1745-1744},
	url = {https://www.cambridge.org/core/product/identifier/S0003598X00065807/type/journal_article},
	doi = {10.1017/S0003598X00065807},
	shorttitle = {Book reviews - Carolyn Postgate, David Oates \& Joan Oates. The excavation at Tell al-Rimah; the pottery (Iraq Archaeological Reports 4). 1997. 275 pages, 101 plates. London},
	pages = {957--958},
	number = {282},
	journaltitle = {Antiquity},
	shortjournal = {Antiquity},
	author = {{McMahon}, Augusta},
	urldate = {2020-03-26},
	date = {1999-12},
	langid = {english}
}

@article{___2009,
	title = {火灾风险评估方法及工程实例应用},
	volume = {28},
	issn = {1009-0029},
	url = {https://kns.cnki.net/KCMS/detail/detail.aspx?dbcode=CJFQ&dbname=CJFD2009&filename=XFKJ200901013&v=MTMwMDRSN3FmWk9WdUZ5dmtWNzdLUFN2QVpMRzRIdGpNcm85RVo0UjhlWDFMdXhZUzdEaDFUM3FUcldNMUZyQ1U=},
	abstract = {利用火灾风险评估中的定量分析方法,针对某工程实例说明确立危险源、火灾场景、风险分级等建立危险性分析步骤,结合模拟计算火灾增长、烟气运动及火灾后果的研究,以建筑中人员安全为出发点,分析人员受到火灾威胁的风险。},
	pages = {29--32},
	number = {1},
	journaltitle = {消防科学与技术},
	author = {{晓刚 谢} and 胡, 忠日 and 梅, 秀娟 and 唐, 胜利 and 金, 素艳},
	urldate = {2020-03-31},
	date = {2009},
	keywords = {火灾场景, 火灾风险评估, 事故树分析, fault tree analycis, fire scenario, risk assessment}
}

@thesis{__2008,
	title = {建筑火灾风险评估方法应用研究},
	url = {https://kns.cnki.net/KCMS/detail/detail.aspx?dbcode=CMFD&dbname=CMFD2012&filename=1011053093.nh&v=Mjk0MzdXTTFGckNVUjdxZlpPVnVGeXZrVkxyTlZGMjZIN085SGRIRnJKRWJQSVI4ZVgxTHV4WVM3RGgxVDNxVHI=},
	abstract = {建筑是人类居住、人口高度密集的场所,也是人类财富聚集的地方,特别是随着我国经济高速发展,建筑已成为人、财、物的高密区,一旦发生火灾往往会造成人员伤亡和财物严重损失的灾难性后果,而且建筑火灾是最常见的火灾之一,随着人们生活水平的提高和安全意识的增强,人们对居住的建筑防火安全性提出了新的要求。建筑火灾风险评估可以客观、准确地评价火灾的危险程度,为人们预防火灾、控制火灾以及扑灭火灾提供依据和支持,也是消防设施和消防力量分布、城市规划、科学消防决策的依据,为合理配置消防资源和防火措施,提出科学、经济可行的策略,有效地减少火灾的发生并提高防火安全性。 	论文提出从建筑的某一房间、某一楼层、某一单体建...},
	institution = {昆明理工大学},
	type = {硕士},
	author = {方, 甫兵},
	urldate = {2020-03-31},
	date = {2008},
	keywords = {火灾风险评估, 城中村, 古斯塔夫危险度法, 火灾风险评估工程法, 火灾风险指数法, fire risk assessment, Fire Risk Assessment Method for Engineering, Fire Risk Index Method, Gustav Purt fire assessment, village in city}
}

@article{__2004,
	title = {"工作危害性分析"在事故分析中的应用},
	url = {https://kns.cnki.net/KCMS/detail/detail.aspx?dbcode=CJFQ&dbname=CJFD2004&filename=SAFE200412013&v=MDIzNzdXTTFGckNVUjdxZlpPVnVGeXZtVXJyT05pek5hN0c0SHRYTnJZOUVaNFI4ZVgxTHV4WVM3RGgxVDNxVHI=},
	abstract = {利用工作危害性分析({JHA})对几起事故案例进行分析,并探讨如何有效地控制事故的发生。},
	pages = {27--29+35},
	number = {12},
	journaltitle = {安全、健康和环境},
	author = {谭, 亚学},
	urldate = {2020-03-31},
	date = {2004},
	keywords = {工作危害性分析, 控制, 事故, accident, control, {JHA}}
}

@article{__2008-1,
	title = {建筑工程高处坠落事故的故障树分析方法研究},
	issn = {1671-0959},
	url = {https://kns.cnki.net/kns/detail/detail.aspx?QueryID=0&CurRec=1&recid=&FileName=MKSJ200802042&DbName=CJFD2008&DbCode=CJFQ&yx=&pr=&URLID=&bsm=QK0201;},
	abstract = {高处坠落事故是建筑业常见的安全事故之一,它的发生率最高、危险性最大,被业界人士称为"五害之首"。利用系统工程的重要分析方法——故障树分析方法,确定了基本事件的结构重要度,并计算了基本事件的关键重要度和顶事件的发生概率。根据结构重要度的大小,可以编制事故预防方案。根据关键重要度的大小,可以有效地降低顶事件发生的概率。结论对进一步分析高空坠落事故的发生机理有十分重要的指导意义,对预防高空坠落事故的发生有十分重大的现实意义。},
	pages = {112--114},
	number = {2},
	journaltitle = {煤炭工程},
	author = {张, 明轩 and 朱, 月娇 and 翟, 玉杰 and 朱, 晓云 and 高, 全臣},
	urldate = {2020-03-31},
	date = {2008},
	keywords = {安全评价, 高处坠落, 故障树分析, 建筑工程}
}

@article{ma_construction_2020,
	title = {Construction of intelligent building sky-eye system based on multi-camera and speech recognition},
	volume = {23},
	issn = {1381-2416, 1572-8110},
	url = {http://link.springer.com/10.1007/s10772-019-09667-w},
	doi = {10.1007/s10772-019-09667-w},
	pages = {23--30},
	number = {1},
	journaltitle = {International Journal of Speech Technology},
	shortjournal = {Int J Speech Technol},
	author = {Ma, Lina},
	urldate = {2020-04-04},
	date = {2020-03},
	langid = {english}
}